@inproceedings{openpose-paf,
  author = {Zhe Cao and Tomas Simon and Shih-En Wei and Yaser Sheikh},
  booktitle = {CVPR},
  title = {Realtime Multi-Person {2D} Pose Estimation using Part Affinity Fields},
  year = {2017}
}

@inproceedings{openpose-hand,
  author = {Tomas Simon and Hanbyul Joo and Iain Matthews and Yaser Sheikh},
  booktitle = {CVPR},
  title = {Hand Keypoint Detection in Single Images using Multiview Bootstrapping},
  year = {2017}
}

@inproceedings{openpose-cpm,
  author = {Shih-En Wei and Varun Ramakrishna and Takeo Kanade and Yaser Sheikh},
  booktitle = {CVPR},
  title = {Convolutional pose machines},
  year = {2016}
}

@inproceedings{up,
  title = {Unite the People: Closing the Loop Between {3D} and {2D} Human Representations},
  author = {Lassner, Christoph and Romero, Javier and Kiefel, Martin and Bogo, Federica and Black, Michael J. and Gehler, Peter V.},
  booktitle = {Proceedings of the IEEE Conference on Computer Vision and Pattern Recognition},
  month = jul,
  year = {2017},
  url = {http://up.is.tuebingen.mpg.de},
  month_numeric = {7}
}

@article{3dposereview,
  author = {Sarafianos, Nikolaos and Boteanu, Bogdan and Ionescu, Bogdan and Kakadiaris, Ioannis},
  year = {2016},
  month = {09},
  pages = {},
  title = {{3D} Human Pose Estimation: A Review of the Literature and Analysis of Covariates},
  volume = {152},
  booktitle = {Computer Vision and Image Understanding}
}

@article{smpl,
  title = {{SMPL}: A Skinned Multi-Person Linear Model},
  author = {Loper, Matthew and Mahmood, Naureen and Romero, Javier and Pons-Moll, Gerard and Black, Michael J.},
  journal = {ACM Trans. Graphics (Proc. SIGGRAPH Asia)},
  volume = {34},
  number = {6},
  pages = {248:1--248:16},
  publisher = {ACM},
  address = {New York, NY},
  month = oct,
  year = {2015},
  month_numeric = {10}
}

@article{densereg,
  title={DenseReg: Fully Convolutional Dense Shape Regression In-the-Wild},
  author={Riza Alp Guler and George Trigeorgis and Epameinondas Antonakos and Patrick Snape and Stefanos Zafeiriou and Iasonas Kokkinos},
  journal={arXiv:1612.01202},
  year={2016}
}

@article{densepose,
  title={DensePose: Dense Human Pose Estimation In The Wild},
  author={Riza Alp Guler and Natalia Neverova and Iasonas Kokkinos},
  journal={arXiv},
  year={2018}
}

@inproceedings{smplify,
  title = {Keep it {SMPL}: Automatic Estimation of {3D} Human Pose and Shape from a Single Image},
  author = {Bogo, Federica and Kanazawa, Angjoo and Lassner, Christoph and Gehler, Peter and Romero, Javier and Black, Michael J.},
  booktitle = {Computer Vision -- ECCV 2016},
  series = {Lecture Notes in Computer Science},
  publisher = {Springer International Publishing},
  month = oct,
  year = {2016}
}

@inProceedings{hmr,
  title={End-to-end Recovery of Human Shape and Pose},
  author = {Angjoo Kanazawa
  and Michael J. Black
  and David W. Jacobs
  and Jitendra Malik},
  booktitle={Computer Vision and Pattern Regognition (CVPR)},
  year={2018}
}

@inproceedings {nbf,
  title = {Neural Body Fitting: Unifying Deep Learning and Model-Based Human Pose and Shape Estimation},
  journal = {International Conference on 3D Vision (3DV)},
  year = {2018},
  author = {Omran, Mohamed and Lassner, Christoph and Pons-Moll, Gerard and Gehler, Peter V. and Schiele, Bernt},
  address = {Verona, Italy},
}

@inproceedings{humanshape,
  title={Learning to Estimate {3D} Human Pose and Shape from a Single Color Image},
  author={Pavlakos, Georgios and Zhu, Luyang and Zhou, Xiaowei and Daniilidis, Kostas},
  booktitle={Proceedings of the IEEE Conference on Computer Vision and Pattern Recognition},
  year={2018}
}

@inproceedings{avatars,
  title = {Video Based Reconstruction of {3D} People Models},
  author = {Alldieck, Thiemo and Magnor, Marcus and Xu, Weipeng and Theobalt, Christian and Pons-Moll, Gerard},
  booktitle = {{IEEE} Conference on Computer Vision and Pattern Recognition},
  year = {2018}
}

@article{yolo3,
  author    = {Joseph Redmon and
               Ali Farhadi},
  title     = {YOLOv3: An Incremental Improvement},
  journal   = {CoRR},
  volume    = {abs/1804.02767},
  year      = {2018}
}

@article{deepcut,
  author    = {Leonid Pishchulin andC
               Eldar Insafutdinov and
               Siyu Tang and
               Bjoern Andres and
               Mykhaylo Andriluka and
               Peter V. Gehler and
               Bernt Schiele},
  title     = {DeepCut: Joint Subset Partition and Labeling for Multi Person Pose
               Estimation},
  journal   = {CoRR},
  volume    = {abs/1511.06645},
  year      = {2015}
}

@article{hourglass,
  author    = {Alejandro Newell and
               Kaiyu Yang and
               Jia Deng},
  title     = {Stacked Hourglass Networks for Human Pose Estimation},
  journal   = {CoRR},
  volume    = {abs/1603.06937},
  year      = {2016}
}

@article{mosh,
  title = {{MoSh}: Motion and Shape Capture from Sparse Markers},
  author = {Loper, Matthew M. and Mahmood, Naureen and Black, Michael J.},
  address = {New York, NY, USA},
  publisher = {ACM},
  month = nov,
  number = {6},
  volume = {33},
  pages = {220:1--220:13},
  journal = {ACM Transactions on Graphics, (Proc. SIGGRAPH Asia)},
  year = {2014}
}

@misc{cmu,
  title = {Motion Capture Database},
  howpublished = {CMU Graphics Lab},
  note = {Funding from NSF EIA-0196217}
}

@article{h36m,
  author = {Ionescu, Catalin and Papava, Dragos and Olaru, Vlad and Sminchisescu,  Cristian},
  title = {Human3.6M: Large Scale Datasets and Predictive Methods for {3D} Human Sensing in Natural Environments},
  journal = {IEEE Transactions on Pattern Analysis and Machine Intelligence},
  publisher = {IEEE Computer Society},
  volume = {36},
  number = {7},
  pages = {1325-1339},
  month = jul,
  year = {2014}
}

